@article{воронкін2014можливості,
  title={Можливості використання системи QR-кодів у вищій школі},
  author={Воронкін, Олексій Сергійович},
  journal={Матеріали четвертої міжнародної науково-практичної конференції FOSS Lviv 2014},
  pages={145-149},
  year={2014},
  language={ukrainian}
}

@article{гост20077,
  title={ДСТУ ГОСТ 7.1: 2006. Бібліографічний запис. Бібліографічний опис: загальні вимоги та правила складання (ГОСТ 7.1--2003, IDT).—Видання офіційне},
  journal={К.: Держспоживстандарт України},
  year={2007},
  pages={20},
  language={ukrainian}
}

@article{борисов2015використання,
  title={Використання сучасних автоматизованих систем управління навчальним закладом для складання розкладу},
  author={Борисов, В В and Литвинов, А С},
  year={2015},
  publisher={Вид-во НПУ імені МП Драгоманова},
  language={ukrainian}
}


@article{ситник2004проектування,
  title={Проектування баз і сховищ даних},
  author={Ситник, Н В and Краснюк, М Т},
  journal={навчально-методичний посібник для самост. вивч. дисц.},
  pages={384},
  publisher={КНЕУ},
  year={2005}
}

@article{codd1970relational,
  title={A relational model of data for large shared data banks},
  author={Codd, Edgar F},
  journal={Communications of the ACM},
  volume={13},
  number={6},
  pages={377--387},
  year={1970},
  publisher={ACM}
}

@book{дейт2008введение,
  title={Введение в системы баз данных},
  author={Дейт, К Дж},
  year={2008},
  publisher={Вильямс}, 
  pages={1328},
  language={russian}
}

@book{zeiss2015node,
  title={Node.js v0.12.5 Manual \& Documentation},
  author={Mirco Zeiss},
  year={2015},
  pages={244}
  
}

@article{приходченко2018обґрунтування,
  title={Обґрунтування вибору мікросервісної архітектури в порівнянні з монолитною},
  author={Приходченко, Сергій Дмитрович and Родна, КС and Поштак, РВ},
  year={2018},
  pages={4},
  publisher={Нац. техн. ун-т “Дніпровська політехніка”},
  language={ukrainian}
}

@online{кучер2018мікросервісна,
  title={Мікросервісна архітектура та її особливості},
  author={Кучер, ВВ},
  url = {http://eprints.zu.edu.ua/28192/1/34.pdf},
  year={2018},
  pages={4},
  language={ukrainian}
}

@online{KspuEdu,
  author = {Співаковський, Олександр Володимирович},
  title = {Web-портал Херсонського державного університету},
  year = 2013,
  url = {http://kspu.edu/},
  language={ukrainian}
}

@online{KsuOnline,
  title = {Система дистанційного навчання <<KSU Online>>},
  url = {http://ksuonline.kspu.edu/},
  language={ukrainian}
}

@online{KsuDis,
  author = {Кравцов, Дмитро},
  title = {Web-портал <<Херсонський Віртуальний Університет>>},
  year = 2010,
  url = {http://dls.kherson.ua/}
}

@online{KsuFeedback,
  title = {Сервіс <<KSU Feedback>>},
  url = {http://feedback.kspu.edu/},
  language={ukrainian}
}

@online{eLibrary,
  title = {Сервіс <<Пошук книг в електронному каталозі бібліотеки>>},
  year = 2010,
  url = {http://elibrary.kspu.edu/},
  language={ukrainian}
}

@online{ITO,
  title = {Web-портал <<Збірник наукових праць <<Інформаційні технології в освіті>> (ІТО)>>},
  year = 2008,
  url = {http://ite.kspu.edu/},
  language={ukrainian}
}

@online{CBotJ,
  title = {Web-портал <<Чорноморський ботанiчний журнал>>},
  year = 2005,
  url = {http://http://cbj.kspu.edu/},
  language={ukrainian}
}

@article{киричек2012модель,
  title={Модель оцінки плагіату програмного коду на основі системи контролю версій},
  author={Киричек, Галина Григорівна and Киричек, О О},
  journal={Восточно-Европейский журнал передовых технологий},
  number={2 (2)},
  pages={25--28},
  year={2012},
  publisher={Технологический центр, ЧП, Украинский государственный университет},
  language={ukrainian}
}

@online{torvalds2010git,
  title={Git: Fast version control system (2010)},
  author={Torvalds, Linus and Hamano, Junio},
  url={http://git-scm.com},
  year={2010}
}

@online{gCalShedule,
  title = {GitHub-репозиторій веб-додатку редагування розкладу},
  year = 2018,
  url = {https://github.com/Rembut/gCalShedule},
  language={ukrainian}
}

@online{githubKSU,
  title = {GitHub-репозиторій серверної частини системи},
  year = 2020,
  url = {https://github.com/sen-den/ksu.back},
  language={ukrainian}
}

@online{gitlabKSU,
  title = {GitLab-репозиторій серверної частини системи},
  year = 2020,
  url = {gitlab.ksu.tools/dsenchishen/ksu.backend},
  language={ukrainian}
}

@online{semver,
  title = {Semantic Versioning 2.0.0},
  author={Tom Preston-Werner},
  year = 2013,
  url = {https://semver.org/},
  language={ukrainian}
}

@book{lamport1994latex,
  title={LATEX: a document preparation system: user's guide and reference manual},
  author={Lamport, Leslie},
  year={1994},
  pages={184},
  publisher={Addison-wesley}
}

@book{simon2015nodeexpress,
  Author = {Simon Holmes},
  Title = {Getting MEAN with Mongo, Express, Angular, and Node},
  Publisher = {Manning Publications},
  Year = {2015},
  pages={440}
}

@book{hahn2016express,
  Author = {Evan Hahn},
  Title = {Express in Action: Writing, building, and testing Node.js applications},
  Publisher = {Manning Publications},
  Year = {2016},
  pages={256}
}

@book{львовский2003latex,
  title={LATEX: подробное описание},
  author={Львовский, СМ},
  pages={242},
  year={2003},
  language={russian}
}

@article{рубан2013аналіз,
  title={Аналіз сучасного програмного забезпечення для автоматизації процесу складання розкладу навчальних занять},
  author={Рубан, ИВ and Дуденко, СВ and Бусигін, ЮВ and Калмиков, ММ and Трублін, ОА},
  year={2013},
  pages={6},
  publisher={Харківський університет Повітряних Сил}
}

@article{мулява2016система,
  title={Система формування розкладу навчального занять з використанням суб’єктивних переваг},
  author={Мулява, Ігор Ярославович},
  journal={International scientific journal},
  number={7},
  pages={22--27},
  year={2016},
  publisher={Фінансова рада України}
}

@online{jose,
  title = {Javascript Object Signing and Encryption},
  year = 2019,
  url = {https://jose.readthedocs.io/en/latest/},
  urldate = {2020-04-30}
}

@article{франчук2016використання,
  title={Використання хмарних сервісів у навчальному процесі},
  author={Франчук, ВМ and Галицький, ОВ},
  year={2016},
  publisher={Видавництво НПУ імені МП Драгоманова}
}

@article{ліщина2014проблеми,
  title={Проблеми та перспективи використання хмарних технологій в освітньому процесі},
  author={Ліщина, НМ},
  journal={Комп’ютерно-інтегровані технології: освіта, наука},
  number={16-17},
  pages={181--185},
  year={2014},
  publisher={Луцький національний технічний університет}
}

@article{олексюк2013деякі,
  title={Деякі аспекти застосування сервісів Google Apps у вищому навчальному закладі},
  author={Олексюк, ВП},
  journal={Інформаційні технології в освіті},
  number={16},
  pages={116--122},
  year={2013},
  publisher={Херсонський державний університет}
}

@article{львов2007інформаційна,
  title={Інформаційна система управління вищим навчальним закладом як платформа реалізації управління академічним процесом},
  author={Львов, МС and Співаковський, ОВ and Щедролосьєв, ДЄ},
  journal={Комп’ютер у школі та сім’ї},
  number={2},
  pages={3--6},
  year={2007}
}

@article{співаковський2014побудова,
  title={Побудова ІКТ інфраструктури ВНЗ: проблеми та шляхи вирішення},
  author={Співаковський, ОВ and Вінник, МО and Тарасіч, ЮГ},
  journal={Інформаційні технології і засоби навчання},
  number={39, вип. 1},
  pages={99--116},
  year={2014},
  publisher={Національна академія педагогічних наук України, Інститут інформаційних~…}
}

@book{loeliger2012version,
  title={Version Control with Git: Powerful tools and techniques for collaborative software development},
  author={Loeliger, Jon and McCullough, Matthew},
  year={2012},
  pages={144},
  publisher={O'Reilly Media, Inc.}
}

@book{douglowe1997,
 Author = {Doug Lowe},
 title = {Client/Server Computing for Dummies},
 description = {Client/Server Computing for Dummies (Book, 1997)},
 publisher = {John Wiley \& Sons Inc},
 interhash = {0f0afe2afb858171c589890eab2743f3},
 intrahash = {96b705e38e97bb2d9c8ccfecc1bb840e},
 year = {1997},
 month = {3},
 pages={140},
 isbn = {076450066X},
 url = {https://www.xarg.org/ref/a/076450066X/}
}

@book{hansvanderhoeven2011,
 Author = {Hans van der Hoeven},
 title = {ERP and Business Processes},
 description = {ERP and Business Processes (Book, 2011)},
 publisher = {Llumina Press},
 interhash = {6b61532d47fe4bfc09b5dfd9b46fc1b8},
 intrahash = {19adbaa711ee5736420286404337c523},
 year = {2011},
 month = {7},
 pages={462},
 isbn = {1605943053},
 url = {https://www.xarg.org/ref/a/1605943053/}
}

@online{jones2015json,
  title={JSON Web Token (JWT) profile for OAuth 2.0 client authentication and authorization Grants},
  author={Jones, Michael and Campbell, Brain and Mortimore, Chuck},
  url={https://tools.ietf.org/html/rfc7523},
  urldate={2020-11-03},
  year={2015}
}

@techreport{yergeau2003utf,
  title={UTF-8, a transformation format of ISO 10646},
  author={Yergeau, Fran{\c{c}}ois},
  year={2003},
  institution={STD 63, RFC 3629, November}
}

@book{hellmann2011python,
  title={The Python standard library by example},
  author={Hellmann, Doug},
  year={2011},
  pages={1302},
  publisher={Addison-Wesley Professional}
}

@incollection{rubio2017rest,
  title={REST services with Django},
  author={Rubio, Daniel},
  booktitle={Beginning Django},
  pages={549--566},
  year={2017},
  publisher={Springer}
}

@article{merkel2014docker,
  title={Docker: lightweight linux containers for consistent development and deployment},
  author={Merkel, Dirk},
  journal={Linux journal},
  volume={2014},
  number={239},
  pages={2},
  year={2014}
}

@inproceedings{ed2018openapitouml,
  title={OpenAPItoUML: a tool to generate UML models from OpenAPI definitions},
  author={Ed-Douibi, Hamza and Izquierdo, Javier Luis C{\'a}novas and Cabot, Jordi},
  booktitle={International Conference on Web Engineering},
  pages={487--491},
  year={2018},
  organization={Springer}
}
@article{горбась2020програмний,
  title={Програмний комплекс для моніторингу процесів інформаційно-комунікаційної системи.},
  author={Горбась, ІВ},
  year={2020},
  publisher={Сумський державний університет}
}

@book{hillar2018django,
  title={Django RESTful Web Services: The Easiest Way to Build Python RESTful APIs and Web Services with Django},
  author={Hillar, Gaston C},
  year={2018},
  publisher={Packt Publishing Ltd}
}

@inproceedings{параничев2017опыт,
  title={Опыт проектирования учебного программного продукта с помощью инструментария PlantUML},
  author={Параничев, АВ},
  booktitle={Системы проектирования, технологической подготовки производства и управления этапами жизненного цикла промышленного продукта (CAD/CAM/PDM--2017)},
  pages={224--227},
  year={2017}
}

@article{basu2016write,
  title={How to write using rich text format and markdown in latex and overleaf},
  author={Basu, Arindam},
  journal={Universidad de Canterbury},
  year={2016}
}

@online{kmu2020digitalization,
  title={Одним із пріоритетів роботи Міністерства є диджиталізація процесів},
  year={2020},
  url = {https://www.kmu.gov.ua/news/denis-malyuska-pid-chas-zustrichi-z-poslom-kanadi-v-ukrayini-odnim-iz-prioritetiv-roboti-ministerstva-ye-didzhitalizaciya-procesiv},
  urldate = {2020-10-27}
}

@article{україни2010захист,
  title={Закон України <<Про захист персональних даних>>},
  journal={Відомості Верховної Ради України (ВВР)},
  number={34},
  pages={2297},
  year={2010}
}

@article{goddard2017eu,
  title={The EU General Data Protection Regulation (GDPR): European regulation that has a global impact},
  author={Goddard, Michelle},
  journal={International Journal of Market Research},
  volume={59},
  number={6},
  pages={703--705},
  year={2017},
  publisher={SAGE Publications Sage UK: London, England}
}

@unpublished{гетьман2020,
  title={Проєктування та розробка сервісної архітектури управління бізнес-процесами університету. Cтруктура безпеки для системи управління університетом},
  author={Гетьман, Владислав},
  year={2020}
}

@online{berners1996hypertext,
  title={Hypertext transfer protocol--HTTP/1.0},
  author={Berners-Lee, Tim and Fielding, Roy and Frystyk, Henrik},
  year={1996},
  url = {https://www.rfc-editor.org/rfc/pdfrfc/rfc1945.txt.pdf},
  pages={60}
}

@online{edbo,
  title={Єдина державна електронна база з питань освіти},
  year={2020},
  url = {https://mon.gov.ua/ua/ministerstvo/yedebo},
  language={urainian}
}

@online{постанова2017затвердження,
  title={Постанова Кабінету Міністрів України <<Про затвердження переліку галузей знань і спеціальностей, за якими здійснюється підготовка здобувачів вищої освіти>>},
  url={https://zakon.rada.gov.ua/laws/show/266-2015},
  year={2017}
}

@article{gatherer2007less,
  title={Less is more: the battle of Moore's law against Bremermann's limit on the field of systems biology},
  author={Gatherer, Derek},
  journal={BMC systems biology},
  volume={1},
  number={S1},
  pages={P53},
  year={2007},
  publisher={Springer}
}

@book{gupta2015building,
  title={Building Web Applications with Python and Neo4j},
  author={Gupta, Sumit},
  year={2015},
  publisher={Packt Publishing Ltd}
}

@article{carter1979universal,
  title={Universal classes of hash functions},
  author={Carter, J Lawrence and Wegman, Mark N},
  journal={Journal of computer and system sciences},
  volume={18},
  number={2},
  pages={143--154},
  year={1979},
  publisher={Elsevier}
}